@book{studiare2024,
  title={Come studiare},
  author={Rossi, Mario},
  year={2024},
  publisher={La bottega}
}
